@article{DBLP:journals/rfc/rfc1034,
  author    = {Paul V. Mockapetris},
  title     = {Domain names - concepts and facilities},
  journal   = {{RFC}},
  volume    = {1034},
  pages     = {1--55},
  year      = {1987},
  url       = {https://doi.org/10.17487/RFC1034},
  doi       = {10.17487/RFC1034},
  timestamp = {Tue, 14 May 2019 10:02:08 +0200},
  biburl    = {https://dblp.org/rec/journals/rfc/rfc1034.bib},
  bibsource = {dblp computer science bibliography, https://dblp.org}
}

@article{DBLP:journals/rfc/rfc1035,
  author    = {Paul V. Mockapetris},
  title     = {Domain names - implementation and specification},
  journal   = {{RFC}},
  volume    = {1035},
  pages     = {1--55},
  year      = {1987},
  url       = {https://doi.org/10.17487/RFC1035},
  doi       = {10.17487/RFC1035},
  timestamp = {Tue, 14 May 2019 10:04:00 +0200},
  biburl    = {https://dblp.org/rec/journals/rfc/rfc1035.bib},
  bibsource = {dblp computer science bibliography, https://dblp.org}
}

@article{hudaib2014dns,
  title   = {DNS advanced attacks and analysis},
  author  = {Hudaib, Adam Ali Zare and Hudaib, EAZ},
  journal = {International Journal of Computer Science and Security (IJCSS)},
  volume  = {8},
  number  = {2},
  pages   = {63-74},
  year    = {2014}
}

@article{jsss.2020.14,
  author         = {Tae Hyun Kim and Douglas Reeves},
  title          = {A survey of domain name system vulnerabilities and attacks},
  journal        = {Journal of Surveillance, Security and Safety},
  volume         = {1},
  year           = {2020},
  number         = {1},
  article-number = {34-60},
  url            = {https://www.oaepublish.com/articles/jsss.2020.14},
  issn           = {2694-1015},
  doi            = {10.20517/jsss.2020.14}
}

@inproceedings{lioy2000dns,
  title     = {DNS security},
  author    = {Lioy, Antonio and Maino, Fabio and Marian, Marius and Mazzocchi, Daniele and others},
  booktitle = {Terena Networking Conference},
  year      = {2000}
}

@article{DBLP:journals/rfc/rfc2535,
  author    = {Donald E. Eastlake III},
  title     = {Domain Name System Security Extensions},
  journal   = {{RFC}},
  volume    = {2535},
  pages     = {1--47},
  year      = {1999},
  url       = {https://doi.org/10.17487/RFC2535},
  doi       = {10.17487/RFC2535},
  timestamp = {Tue, 14 May 2019 10:02:41 +0200},
  biburl    = {https://dblp.org/rec/journals/rfc/rfc2535.bib},
  bibsource = {dblp computer science bibliography, https://dblp.org}
}

@inproceedings{DBLP:conf/ictc/AlieyanKARA16,
  author    = {Kamal Alieyan and
               Mohammed M. Kadhum and
               Mohammed Anbar and
               Shafiq Ul Rehman and
               Naser K. A. Alajmi},
  title     = {An overview of DDoS attacks based on {DNS}},
  booktitle = {International Conference on Information and Communication Technology
               Convergence, {ICTC} 2016, Jeju Island, South Korea, October 19-21,
               2016},
  pages     = {276--280},
  publisher = {{IEEE}},
  year      = {2016},
  url       = {https://doi.org/10.1109/ICTC.2016.7763485},
  doi       = {10.1109/ICTC.2016.7763485},
  timestamp = {Thu, 14 Oct 2021 10:42:39 +0200},
  biburl    = {https://dblp.org/rec/conf/ictc/AlieyanKARA16.bib},
  bibsource = {dblp computer science bibliography, https://dblp.org}
}

@inproceedings{Bonasera2021,
  title     = {Denial of Service: A Growing Underrated Threat},
  url       = {http://dx.doi.org/10.1109/iceccme52200.2021.9591062},
  doi       = {10.1109/iceccme52200.2021.9591062},
  booktitle = {2021 International Conference on Electrical,  Computer,  Communications and Mechatronics Engineering (ICECCME)},
  publisher = {IEEE},
  author    = {Bonasera,  Will and Chowdhury,  Md Minhaz and Latif,  Shadman},
  year      = {2021},
  month     = oct,
  pages     = {1–6}
}

@inbook{Murdoch2008,
  title     = {Tools and Technology of Internet Filtering},
  isbn      = {9780262255998},
  url       = {http://dx.doi.org/10.7551/mitpress/7617.003.0006},
  doi       = {10.7551/mitpress/7617.003.0006},
  booktitle = {Access Denied},
  publisher = {The MIT Press},
  author    = {Murdoch,  Steven J. and Anderson,  Ross},
  year      = {2008},
  month     = jan,
  pages     = {57–72}
}

@article{DBLP:journals/ieeesp/Varadharajan10,
  author    = {Vijay Varadharajan},
  title     = {Internet Filtering Issues and Challenges},
  journal   = {{IEEE} Secur. Priv.},
  volume    = {8},
  number    = {4},
  pages     = {62--65},
  year      = {2010},
  url       = {https://doi.org/10.1109/MSP.2010.131},
  doi       = {10.1109/MSP.2010.131},
  timestamp = {Sun, 15 Mar 2020 19:46:25 +0100},
  biburl    = {https://dblp.org/rec/journals/ieeesp/Varadharajan10.bib},
  bibsource = {dblp computer science bibliography, https://dblp.org}
}

@article{DBLP:journals/corr/abs-2401-03864,
  author     = {Jonathan Magnusson},
  title      = {Survey and Analysis of {DNS} Filtering Components},
  journal    = {CoRR},
  volume     = {abs/2401.03864},
  year       = {2024},
  url        = {https://doi.org/10.48550/arXiv.2401.03864},
  doi        = {10.48550/ARXIV.2401.03864},
  eprinttype = {arXiv},
  eprint     = {2401.03864},
  timestamp  = {Wed, 24 Jan 2024 16:19:32 +0100},
  biburl     = {https://dblp.org/rec/journals/corr/abs-2401-03864.bib},
  bibsource  = {dblp computer science bibliography, https://dblp.org}
}

@inproceedings{DBLP:conf/icse/MullerJSSTW00,
  author    = {Hausi A. M{\"{u}}ller and
               Jens H. Jahnke and
               Dennis B. Smith and
               Margaret{-}Anne D. Storey and
               Scott R. Tilley and
               Kenny Wong},
  editor    = {Anthony Finkelstein},
  title     = {Reverse engineering: a roadmap},
  booktitle = {22nd International Conference on on Software Engineering, Future of
               Software Engineering Track, {ICSE} 2000, Limerick Ireland, June 4-11,
               2000},
  pages     = {47--60},
  publisher = {{ACM}},
  year      = {2000},
  url       = {https://doi.org/10.1145/336512.336526},
  doi       = {10.1145/336512.336526},
  timestamp = {Sat, 19 Oct 2019 20:20:01 +0200},
  biburl    = {https://dblp.org/rec/conf/icse/MullerJSSTW00.bib},
  bibsource = {dblp computer science bibliography, https://dblp.org}
}

@inproceedings{Majthoub2018,
  title     = {Software Re-engineering: An Overview},
  url       = {http://dx.doi.org/10.1109/CSIT.2018.8486173},
  doi       = {10.1109/csit.2018.8486173},
  booktitle = {2018 8th International Conference on Computer Science and Information Technology (CSIT)},
  publisher = {IEEE},
  author    = {Majthoub,  Manar and Qutqut,  Mahmoud H. and Odeh,  Yousra},
  year      = {2018},
  month     = jul,
  pages     = {266–270}
}

@article{rosenberg1996software,
  title     = {Software re-engineering},
  author    = {Rosenberg, Linda H and Hyatt, Lawrence E},
  journal   = {Software Assurance Technology Center},
  volume    = {1},
  pages     = {2--3},
  year      = {1996},
  publisher = {Citeseer}
}

@article{DBLP:journals/software/ChikofskyC90,
  author    = {Elliot J. Chikofsky and
               James H. Cross II},
  title     = {Reverse Engineering and Design Recovery: {A} Taxonomy},
  journal   = {{IEEE} Softw.},
  volume    = {7},
  number    = {1},
  pages     = {13--17},
  year      = {1990},
  url       = {https://doi.org/10.1109/52.43044},
  doi       = {10.1109/52.43044},
  timestamp = {Mon, 08 Jun 2020 22:31:49 +0200},
  biburl    = {https://dblp.org/rec/journals/software/ChikofskyC90.bib},
  bibsource = {dblp computer science bibliography, https://dblp.org}
}

@book{sommerville2011software,
  author     = {Sommerville, I.},
  isbn       = {9780137053469},
  lccn       = {2009053058},
  publisher  = {Pearson},
  series     = {International Computer Science Series},
  title      = {Software Engineering},
  url        = {https://books.google.it/books?id=l0egcQAACAAJ},
  year       = {2011},
  bdsk-url-1 = {https://books.google.it/books?id=l0egcQAACAAJ}
}

@article{DBLP:journals/compsec/Bertino03,
  author    = {Elisa Bertino},
  title     = {{RBAC} models - concepts and trends},
  journal   = {Comput. Secur.},
  volume    = {22},
  number    = {6},
  pages     = {511--514},
  year      = {2003},
  url       = {https://doi.org/10.1016/S0167-4048(03)00609-6},
  doi       = {10.1016/S0167-4048(03)00609-6},
  timestamp = {Mon, 28 Aug 2023 21:25:28 +0200},
  biburl    = {https://dblp.org/rec/journals/compsec/Bertino03.bib},
  bibsource = {dblp computer science bibliography, https://dblp.org}
}
